
@book{sassen1996a,
  title = {Losing {{Control}}? {{Sovereignty}} in an {{Age}} of {{Globalization}}},
  publisher = {{Columbia University Press}},
  author = {Sassen, Saskia},
  year = {1996}
}

@article{monico2014,
  title = {Premesse per Una Costituzione Ibrida.: La Macchina, La Bambina Automatica e Il Bosco},
  journal = {Aut/Aut, La condizione postumana},
  author = {Monico, Francesco},
  year = {2014},
  publisher = {{Il Saggiatore}}
}

@article{pelizza2017a,
  title = {Mining {{Governance Mechanisms}}. {{Innovation}} Policy, Practice and Theory Facing Algorithmic Decision-Making},
  journal = {Handbook of Cyber-Development, Cyber-Democracy, and Cyber-Defense},
  author = {Pelizza, A. and Kuhlmann, S.},
  year = {2017},
  publisher = {{Springer, Berlin}}
}

@article{ascott2004,
  title = {Planetary {{Technoetics}}: {{Art}}, {{Technology}} and {{Consciousness}}},
  volume = {37},
  issn = {1530-9282},
  number = {2},
  journal = {Leonardo},
  author = {Ascott, Roy},
  month = apr,
  year = {2004},
  pages = {111--116},
  publisher = {{MIT Press - Journals}}
}

@article{diakopoulos2016a,
  title = {Accountability in Algorithmic Decision Making},
  volume = {59},
  issn = {0001-0782},
  number = {2},
  journal = {Commun. ACM},
  author = {Diakopoulos, Nicholas},
  month = jan,
  year = {2016},
  pages = {56--62},
  publisher = {{Association for Computing Machinery (ACM)}}
}

@book{nevejan2007,
  title = {Presence and the {{Design}} of {{Trust}}},
  author = {Nevejan, Caroline Irma Maria and others},
  year = {2007}
}


@article{DBLP:conf/secdev/MomotBHP16,
  title = {The {{Seven Turrets}} of {{Babel}}: {{A Taxonomy}} of {{LangSec Errors}} and {{How}} to {{Expunge Them}}},
  booktitle = {{{IEEE Cybersecurity Development}}, {{SecDev}} 2016, {{Boston}}, {{MA}}, {{USA}}, {{November}} 3-4, 2016},
  doi = {10.1109/SecDev.2016.019},
  author = {Momot, Falcon and Bratus, Sergey and Hallberg, Sven M. and Patterson, Meredith L.},
  year = {2016},
  pages = {45-52},
  biburl = {http://dblp.org/rec/bib/conf/secdev/MomotBHP16},
  bibsource = {dblp computer science bibliography, http://dblp.org}
}



@article{freeman2013exploit,
  title = {Exploit \& {{Fix Android \"Master Key}}"; {{Android Bug Superior}} to {{Master Key}}; {{Yet Another Android Master Key Bug}}},
  author = {Freeman, Jay},
  year = {2013}
}


@article{costin2017lua,
  title = {Lua Code: Security Overview and Practical Approaches to Static Analysis},
  author = {Costin, Andrei},
  year = {2017}
}

@book{wynne2012,
  title = {The {{Cucumber Book}}: {{Behavior}}-{{Driven Development}} for {{Testers}} and {{Developers}}},
  author = {Wynne, A},
  year = {2012},
  organization = {{The Pragmatic Bookshelf}}
}

